<record xmlns='http://www.loc.gov/MARC21/slim'><leader>01319cim a22003732u 4500</leader><controlfield tag='001'>3604609</controlfield><controlfield tag='005'>20151214183430.0</controlfield><controlfield tag='007'>ss|lmnjluz|nuu</controlfield><controlfield tag='008'>991101s1985    nyunnn         l    eng d</controlfield><datafield ind1=' ' ind2=' ' tag='035'><subfield code='a'>(NIC)notisASG1674</subfield></datafield><datafield ind1=' ' ind2=' ' tag='035'><subfield code='a'>3604609</subfield></datafield><datafield ind1=' ' ind2=' ' tag='035'><subfield code='a'>(OCoLC)63903063</subfield></datafield><datafield ind1=' ' ind2=' ' tag='040'><subfield code='a'>NIC</subfield><subfield code='c'>NIC</subfield><subfield code='d'>NIC</subfield><subfield code='d'>NIC</subfield></datafield><datafield ind1='1' ind2=' ' tag='100'><subfield code='a'>Welty, Eudora,</subfield><subfield code='d'>1909-2001.</subfield></datafield><datafield ind1='1' ind2='0' tag='245'><subfield code='a'>Eudora Welty reads her short story &quot;The Wide Net&quot;</subfield><subfield code='h'>[sound recording]</subfield></datafield><datafield ind1=' ' ind2=' ' tag='260'><subfield code='c'>1985.</subfield></datafield><datafield ind1=' ' ind2=' ' tag='300'><subfield code='a'>1 sound cassette (43 min.) :</subfield><subfield code='b'>analog, mono.</subfield></datafield><datafield ind1=' ' ind2=' ' tag='500'><subfield code='a'>Recorded in Ithaca, NY by Cornell University.</subfield></datafield><datafield ind1=' ' ind2=' ' tag='500'><subfield code='a'>Sponsored by: Andrew D. White Professors-At-Large Program.</subfield></datafield><datafield ind1=' ' ind2=' ' tag='500'><subfield code='a'>Speaker(s): Well-known author.</subfield></datafield><datafield ind1=' ' ind2=' ' tag='518'><subfield code='a'>Reading, March 27, 1985.</subfield></datafield><datafield ind1=' ' ind2=' ' tag='520'><subfield code='a'>Welty reads her short story, &quot;The Wide Net&quot;.</subfield></datafield><datafield ind1=' ' ind2=' ' tag='540'><subfield code='a'>No reproductions authorized.</subfield></datafield><datafield ind1='1' ind2='0' tag='600'><subfield code='a'>Welty, Eudora,</subfield><subfield code='d'>1909-2001.</subfield></datafield><datafield ind1=' ' ind2='0' tag='650'><subfield code='a'>Fiction</subfield><subfield code='y'>20th century.</subfield></datafield><datafield ind1=' ' ind2='0' tag='650'><subfield code='a'>Prose literature.</subfield></datafield><datafield ind1='1' ind2='7' tag='600'><subfield code='a'>Welty, Eudora,</subfield><subfield code='d'>1909-2001</subfield><subfield code='2'>fast</subfield><subfield code='0'>(OCoLC)fst00033436</subfield></datafield><datafield ind1=' ' ind2='7' tag='648'><subfield code='a'>1900 - 1999</subfield><subfield code='2'>fast</subfield></datafield><datafield ind1=' ' ind2='7' tag='650'><subfield code='a'>Fiction</subfield><subfield code='2'>fast</subfield><subfield code='0'>(OCoLC)fst00923709</subfield></datafield><datafield ind1=' ' ind2='7' tag='650'><subfield code='a'>Prose literature</subfield><subfield code='2'>fast</subfield><subfield code='0'>(OCoLC)fst01079302</subfield></datafield><datafield ind1=' ' ind2='0' tag='830'><subfield code='a'>Andrew D. White Professors-At-Large lectures.</subfield></datafield><datafield ind1='1' ind2=' ' tag='899'><subfield code='a'>CULectures</subfield></datafield><datafield ind1=' ' ind2=' ' tag='905'><subfield code='a'>20000413120000.0</subfield></datafield><datafield ind1='2' ind2=' ' tag='948'><subfield code='a'>20141221</subfield><subfield code='b'>m</subfield><subfield code='d'>batch</subfield><subfield code='e'>lts</subfield><subfield code='x'>addfast</subfield></datafield></record>